@book { GOLL,
	author={{Joachim Goll, Cornelia Heinisch und Frank Müller}},
	title={Java als erste Programmiersprache},
	publisher={Teubner Verlag},
	year={2005},
	language={Deutsch}
}

@book { DAUSMANN,
	author={{Manfred Dausmann, Ulrich Bröckl und Joachim Goll}},
	title={C als erste Programmiersprache},
	publisher={Teubner Verlag},
	year={2005},
	language={Deutsch}
}

@book { PAPULA,
	author={{Lothar Papula}},
	title={Mathematische Formelsammlung für Wissenschaftler und Ingenieure},
	publisher={Vieweg Verlag},
	year={2003},
	language={Deutsch}
}

@book { MARTINX,
	author={{Ekbert Hering, Rolf Martin und Martin Stohrer}},
	title={Physik für Ingenieure},
	publisher={Springer Verlag},
	year={2004},
	language={Deutsch}
}



@MISC{ RASPBERRY,
	author = {RASPBERRY FOUNDATION},
	title = {Raspberry 3 Modell B},
	year = {2016},
	note = {Quelle: https://www.raspberrypi.org/products/raspberry-pi-3-model-b/, zugegriffen am 15.12.2017},	
}


@MISC{ RASPBERRYCAM,
	author = {RASPBERRY FOUNDATION},
	title = {Cam Module v2},
	year = {2016},
	note = {Quelle: https://www.raspberrypi.org/products/camera-module-v2/, zugegriffen am 15.12.2017},	
}



@MISC{ RASPBERRYPIC,
	author = {RASPBERRY FOUNDATION},
	title = {Raspberry 3 Modell B},
	year = {2016},
	note = {Quelle: https://www.raspberrypi.org/app/uploads/2017/05/Raspberry-Pi-3-462x322.jpg, zugegriffen am 15.12.2017},	
}

@misc{JS,
	title = {{GitHut - Programming Languages and GitHub}},
	url = {http://githut.info/},
	note = {Last accesed on 2018-05-15},
	urldate = {2018-05-15},
}



@misc{ HistoryJS1,
	title = {{A brief history of JavaScript ? Ben Aston ? Medium}},
	url = {https://medium.com/@benastontweet/lesson-1a-the-history-of-javascript-8c1ce3bffb17},
	urldate = {2018-05-15}
}

@misc{ HistoryJS2,
	title = {{JavaScript is the Future of Enterprise Application Development}},
	url = {https://www.logicroom.co/javascript-is-the-future-of-application-development/},
	urldate = {2018-05-15}
}

@misc{ HistoryJS3,
	title = {{Wie unterscheidet sich JavaScript von Java?}},
	url = {https://www.java.com/de/download/faq/java{\_}javascript.xml},
	urldate = {2018-05-15}
}



@misc{ HistoryJS3,
	author = {Gartner. M},
	title = {arktanteile der Betriebssysteme am Endkundenabsatz von Smartphones weltweit von 2009 bis 2017.},
	url = {https://de.statista.com/statistik/daten/studie/12885/umfrage/marktanteil-bei-smartphones-nach-betriebssystem-weltweit-seit-2009/l},
	urldate = {2018-05-15}
}



Gartner. M  (zugegriffen am 16. Mai 2018).







